<?xml version="1.0" encoding="UTF-8"?><collection xmlns="http://www.loc.gov/MARC21/slim"><record><leader>00328nam--2200133-i-4500</leader><controlfield tag="001">000046633</controlfield><controlfield tag="002">20161230</controlfield><controlfield tag="005">20161230201046</controlfield><controlfield tag="008">060222s1000------------r-----000-0-eng-d</controlfield><datafield ind1=" " ind2=" " tag="080"><subfield code="a">541.10</subfield></datafield><datafield ind1=" " ind2=" " tag="100"><subfield code="a">Veselov, M.G</subfield></datafield><datafield ind1=" " ind2=" " tag="245"><subfield code="a">Methods of quantum chemistry. transl</subfield></datafield><datafield ind1=" " ind2=" " tag="260"><subfield code="a">New York, Acad.Press, 1965, Xi+181p</subfield></datafield><datafield ind1=" " ind2=" " tag="852"><subfield code="a">77322</subfield></datafield></record></collection>